@misc{lm2675,
    organization  = "Texas Instruments",
    title         = "{LM2675 SIMPLE SWITCHER Power Converter High Efficiency}",
    number        = "SNVS129F",
    year          =  2016,
    month         =  6,
    note          = "http://www.ti.com/lit/ds/symlink/lm2675.pdf"
}

@misc{mcp6541,
    organization  = "Microchip",
    title         = "{Push-Pull Output Sub-Microamp Comparators}",
    number        = "DS21696F",
    year          =  2007,
    note          = "http://ww1.microchip.com/downloads/en/DeviceDoc/21696f.pdf"
}


@misc{lm1819,
    organization  = "Texas Instruments",
    title         = "{LM1819 Air-Core Meter Driver}",
    number        = "LM1819",
    year          =  1995,
    note          = "http://www.ti.com/lit/ds/symlink/lm1819.pdf"
}
